%% This BibTeX bibliography file was created using BibDesk.
%% http://bibdesk.sourceforge.net/

%% Created for Matthew Schechter at 2018-03-11 17:55:37 +0100 


%% Saved with string encoding Unicode (UTF-8) 



@article{Danczak_2017,
	Author = {R. E. Danczak and M. D. Johnston and C. Kenah and M. Slattery and K. C. Wrighton and M. J. Wilkins},
	Doi = {10.1186/s40168-017-0331-1},
	Journal = {Microbiome},
	Month = {sep},
	Number = {1},
	Publisher = {Springer Nature},
	Title = {Members of the Candidate Phyla Radiation are functionally differentiated by carbon- and nitrogen-cycling capabilities},
	Url = {https://doi.org/10.1186\%2Fs40168-017-0331-1},
	Volume = {5},
	Year = 2017,
	Bdsk-Url-1 = {https://doi.org/10.1186\%2Fs40168-017-0331-1},
	Bdsk-Url-2 = {https://doi.org/10.1186/s40168-017-0331-1}}

@article{Camacho_2009,
	Author = {Christiam Camacho and George Coulouris and Vahram Avagyan and Ning Ma and Jason Papadopoulos and Kevin Bealer and Thomas L Madden},
	Doi = {10.1186/1471-2105-10-421},
	Journal = {{BMC} Bioinformatics},
	Number = {1},
	Pages = {421},
	Publisher = {Springer Nature},
	Title = {BLAST: architecture and applications},
	Url = {https://doi.org/10.1186\%2F1471-2105-10-421},
	Volume = {10},
	Year = 2009,
	Bdsk-Url-1 = {https://doi.org/10.1186\%2F1471-2105-10-421},
	Bdsk-Url-2 = {https://doi.org/10.1186/1471-2105-10-421}}

@article{Paulson_2013,
	Author = {Joseph N Paulson and O Colin Stine and H{\'{e}}ctor Corrada Bravo and Mihai Pop},
	Doi = {10.1038/nmeth.2658},
	Journal = {Nature Methods},
	Month = {sep},
	Number = {12},
	Pages = {1200--1202},
	Publisher = {Springer Nature},
	Title = {Differential abundance analysis for microbial marker-gene surveys},
	Url = {https://doi.org/10.1038\%2Fnmeth.2658},
	Volume = {10},
	Year = 2013,
	Bdsk-Url-1 = {https://doi.org/10.1038\%2Fnmeth.2658},
	Bdsk-Url-2 = {https://doi.org/10.1038/nmeth.2658}}

@article{Kopf_2015,
	Author = {Anna Kopf and Mesude Bicak and Renzo Kottmann and Julia Schnetzer and Ivaylo Kostadinov and Katja Lehmann and Antonio Fernandez-Guerra and Christian Jeanthon and Eyal Rahav and Matthias Ullrich and Antje Wichels and Gunnar Gerdts and Paraskevi Polymenakou and Giorgos Kotoulas and Rania Siam and Rehab Z Abdallah and Eva C Sonnenschein and Thierry Cariou and Fergal O'Gara and Stephen Jackson and Sandi Orlic and Michael Steinke and Julia Busch and Bernardo Duarte and Isabel Ca{\c{c}}ador and Jo{\~{a}}o Canning-Clode and Oleksandra Bobrova and Viggo Marteinsson and Eyjolfur Reynisson and Clara Magalh{\~{a}}es Loureiro and Gian Marco Luna and Grazia Marina Quero and Carolin R L{\"o}scher and Anke Kremp and Marie E DeLorenzo and Lise {\O}vre{\aa}s and Jennifer Tolman and Julie LaRoche and Antonella Penna and Marc Frischer and Timothy Davis and Barker Katherine and Christopher P Meyer and Sandra Ramos and Catarina Magalh{\~{a}}es and Florence Jude-Lemeilleur and Ma Leopoldina Aguirre-Macedo and Shiao Wang and Nicole Poulton and Scott Jones and Rachel Collin and Jed A Fuhrman and Pascal Conan and Cecilia Alonso and Noga Stambler and Kelly Goodwin and Michael M Yakimov and Federico Baltar and Levente Bodrossy and Jodie Van De Kamp and Dion MF Frampton and Martin Ostrowski and Paul Van Ruth and Paul Malthouse and Simon Claus and Klaas Deneudt and Jonas Mortelmans and Sophie Pitois and David Wallom and Ian Salter and Rodrigo Costa and Declan C Schroeder and Mahrous M Kandil and Valentina Amaral and Florencia Biancalana and Rafael Santana and Maria Luiza Pedrotti and Takashi Yoshida and Hiroyuki Ogata and Tim Ingleton and Kate Munnik and Naiara Rodriguez-Ezpeleta and Veronique Berteaux-Lecellier and Patricia Wecker and Ibon Cancio and Daniel Vaulot and Christina Bienhold and Hassan Ghazal and Bouchra Chaouni and Soumya Essayeh and Sara Ettamimi and El Houcine Zaid and Noureddine Boukhatem and Abderrahim Bouali and Rajaa Chahboune and Said Barrijal and Mohammed Timinouni and Fatima El Otmani and Mohamed Bennani and Marianna Mea and Nadezhda Todorova and Ventzislav Karamfilov and Petra ten Hoopen and Guy Cochrane and Stephane L'Haridon and Kemal Can Bizsel and Alessandro Vezzi and Federico M Lauro and Patrick Martin and Rachelle M Jensen and Jamie Hinks and Susan Gebbels and Riccardo Rosselli and Fabio De Pascale and Riccardo Schiavon and Antonina dos Santos and Emilie Villar and St{\'{e}}phane Pesant and Bruno Cataletto and Francesca Malfatti and Ranjith Edirisinghe and Jorge A Herrera Silveira and Michele Barbier and Valentina Turk and Tinkara Tinta and Wayne J Fuller and Ilkay Salihoglu and Nedime Serakinci and Mahmut Cerkez Ergoren and Eileen Bresnan and Juan Iriberri and Paul Anders Fronth Nyhus and Edvardsen Bente and Hans Erik Karlsen and Peter N Golyshin and Josep M Gasol and Snejana Moncheva and Nina Dzhembekova and Zackary Johnson and Christopher David Sinigalliano and Maribeth Louise Gidley and Adriana Zingone and Roberto Danovaro and George Tsiamis and Melody S Clark and Ana Cristina Costa and Monia El Bour and Ana M Martins and R Eric Collins and Anne-Lise Ducluzeau and Jonathan Martinez and Mark J Costello and Linda A Amaral-Zettler and Jack A Gilbert and Neil Davies and Dawn Field and Frank Oliver Gl{\"o}ckner},
	Doi = {10.1186/s13742-015-0066-5},
	Journal = {{GigaScience}},
	Month = {jun},
	Number = {1},
	Publisher = {Oxford University Press ({OUP})},
	Title = {The ocean sampling day consortium},
	Url = {https://doi.org/10.1186\%2Fs13742-015-0066-5},
	Volume = {4},
	Year = 2015,
	Bdsk-Url-1 = {https://doi.org/10.1186\%2Fs13742-015-0066-5},
	Bdsk-Url-2 = {https://doi.org/10.1186/s13742-015-0066-5}}

@article{Duarte_2015,
	Author = {Carlos M. Duarte},
	Doi = {10.1002/lob.10008},
	Journal = {Limnology and Oceanography Bulletin},
	Month = {jan},
	Number = {1},
	Pages = {11--14},
	Publisher = {Wiley-Blackwell},
	Title = {Seafaring in the 21St Century: The Malaspina 2010 Circumnavigation Expedition},
	Url = {https://doi.org/10.1002\%2Flob.10008},
	Volume = {24},
	Year = 2015,
	Bdsk-Url-1 = {https://doi.org/10.1002\%2Flob.10008},
	Bdsk-Url-2 = {https://doi.org/10.1002/lob.10008}}

@article{Levins_1966,
	Author = {Richard Levins},
	Journal = {American Scientist},
	Month = {dec},
	Number = {4},
	Pages = {421--431},
	Publisher = {American Scientist},
	Title = {The strategy of model building in population ecology},
	Url = {http://www.jstor.org/stable/27836590?seq=1#page_scan_tab_contents},
	Volume = {54},
	Year = 1966,
	Bdsk-Url-1 = {http://www.jstor.org/stable/27836590?seq=1#page_scan_tab_contents}}

@article{Edgar_2010,
	Author = {Robert C. Edgar},
	Doi = {10.1093/bioinformatics/btq461},
	Journal = {Bioinformatics},
	Month = {aug},
	Number = {19},
	Pages = {2460--2461},
	Publisher = {Oxford University Press ({OUP})},
	Title = {Search and clustering orders of magnitude faster than {BLAST}},
	Url = {https://doi.org/10.1093\%2Fbioinformatics\%2Fbtq461},
	Volume = {26},
	Year = 2010,
	Bdsk-Url-1 = {https://doi.org/10.1093\%2Fbioinformatics\%2Fbtq461},
	Bdsk-Url-2 = {https://doi.org/10.1093/bioinformatics/btq461}}

@article{Li_2006,
	Author = {W. Li and A. Godzik},
	Doi = {10.1093/bioinformatics/btl158},
	Journal = {Bioinformatics},
	Month = {may},
	Number = {13},
	Pages = {1658--1659},
	Publisher = {Oxford University Press ({OUP})},
	Title = {Cd-hit: a fast program for clustering and comparing large sets of protein or nucleotide sequences},
	Url = {https://doi.org/10.1093\%2Fbioinformatics\%2Fbtl158},
	Volume = {22},
	Year = 2006,
	Bdsk-Url-1 = {https://doi.org/10.1093\%2Fbioinformatics\%2Fbtl158},
	Bdsk-Url-2 = {https://doi.org/10.1093/bioinformatics/btl158}}

@article{Eddy_1998,
	Author = {S. R. Eddy},
	Doi = {10.1093/bioinformatics/14.9.755},
	Journal = {Bioinformatics},
	Month = {oct},
	Number = {9},
	Pages = {755--763},
	Publisher = {Oxford University Press ({OUP})},
	Title = {Profile hidden Markov models},
	Url = {https://doi.org/10.1093\%2Fbioinformatics\%2F14.9.755},
	Volume = {14},
	Year = 1998,
	Bdsk-Url-1 = {https://doi.org/10.1093\%2Fbioinformatics\%2F14.9.755},
	Bdsk-Url-2 = {https://doi.org/10.1093/bioinformatics/14.9.755}}

@article{Blondel_2008,
	Author = {Vincent D Blondel and Jean-Loup Guillaume and Renaud Lambiotte and Etienne Lefebvre},
	Doi = {10.1088/1742-5468/2008/10/p10008},
	Journal = {Journal of Statistical Mechanics: Theory and Experiment},
	Month = {oct},
	Number = {10},
	Pages = {P10008},
	Publisher = {{IOP} Publishing},
	Title = {Fast unfolding of communities in large networks},
	Url = {https://doi.org/10.1088\%2F1742-5468\%2F2008\%2F10\%2Fp10008},
	Volume = {2008},
	Year = 2008,
	Bdsk-Url-1 = {https://doi.org/10.1088\%2F1742-5468\%2F2008\%2F10\%2Fp10008},
	Bdsk-Url-2 = {https://doi.org/10.1088/1742-5468/2008/10/p10008}}

@article{Piepel_1988,
	Author = {Gregory F. Piepel and J. Aitchison},
	Doi = {10.2307/1270335},
	Journal = {Technometrics},
	Month = {feb},
	Number = {1},
	Pages = {120},
	Publisher = {{JSTOR}},
	Title = {The Statistical Analysis of Compositional Data},
	Url = {https://doi.org/10.2307\%2F1270335},
	Volume = {30},
	Year = 1988,
	Bdsk-Url-1 = {https://doi.org/10.2307\%2F1270335},
	Bdsk-Url-2 = {https://doi.org/10.2307/1270335}}

@article{Mirdita_2016,
	Author = {Milot Mirdita and Lars von~den~Driesch and Clovis Galiez and Maria J. Martin and Johannes S{\"o}ding and Martin Steinegger},
	Doi = {10.1093/nar/gkw1081},
	Journal = {Nucleic Acids Research},
	Month = {nov},
	Number = {D1},
	Pages = {D170--D176},
	Publisher = {Oxford University Press ({OUP})},
	Title = {Uniclust databases of clustered and deeply annotated protein sequences and alignments},
	Url = {https://doi.org/10.1093\%2Fnar\%2Fgkw1081},
	Volume = {45},
	Year = 2016,
	Bdsk-Url-1 = {https://doi.org/10.1093\%2Fnar\%2Fgkw1081},
	Bdsk-Url-2 = {https://doi.org/10.1093/nar/gkw1081}}

@article{Menzel_2016,
	Author = {Peter Menzel and Kim Lee Ng and Anders Krogh},
	Doi = {10.1038/ncomms11257},
	Journal = {Nature Communications},
	Month = {apr},
	Pages = {11257},
	Publisher = {Springer Nature},
	Title = {Fast and sensitive taxonomic classification for metagenomics with Kaiju},
	Url = {https://doi.org/10.1038\%2Fncomms11257},
	Volume = {7},
	Year = 2016,
	Bdsk-Url-1 = {https://doi.org/10.1038\%2Fncomms11257},
	Bdsk-Url-2 = {https://doi.org/10.1038/ncomms11257}}

@article{Deorowicz_2016,
	Author = {Sebastian Deorowicz and Agnieszka Debudaj-Grabysz and Adam Gudy{\'{s}}},
	Doi = {10.1038/srep33964},
	Journal = {Scientific Reports},
	Month = {sep},
	Number = {1},
	Publisher = {Springer Nature},
	Title = {{FAMSA}: Fast and accurate multiple sequence alignment of huge protein families},
	Url = {https://doi.org/10.1038\%2Fsrep33964},
	Volume = {6},
	Year = 2016,
	Bdsk-Url-1 = {https://doi.org/10.1038\%2Fsrep33964},
	Bdsk-Url-2 = {https://doi.org/10.1038/srep33964}}

@article{Seemann_2014,
	Author = {T. Seemann},
	Doi = {10.1093/bioinformatics/btu153},
	Journal = {Bioinformatics},
	Month = {mar},
	Number = {14},
	Pages = {2068--2069},
	Publisher = {Oxford University Press ({OUP})},
	Title = {Prokka: rapid prokaryotic genome annotation},
	Url = {https://doi.org/10.1093\%2Fbioinformatics\%2Fbtu153},
	Volume = {30},
	Year = 2014,
	Bdsk-Url-1 = {https://doi.org/10.1093\%2Fbioinformatics\%2Fbtu153},
	Bdsk-Url-2 = {https://doi.org/10.1093/bioinformatics/btu153}}

@article{Guy_2010,
	Author = {L. Guy and J. Roat Kultima and S. G. E. Andersson},
	Doi = {10.1093/bioinformatics/btq413},
	Journal = {Bioinformatics},
	Month = {jul},
	Number = {18},
	Pages = {2334--2335},
	Publisher = {Oxford University Press ({OUP})},
	Title = {{genoPlotR}: comparative gene and genome visualization in R},
	Url = {https://doi.org/10.1093\%2Fbioinformatics\%2Fbtq413},
	Volume = {26},
	Year = 2010,
	Bdsk-Url-1 = {https://doi.org/10.1093\%2Fbioinformatics\%2Fbtq413},
	Bdsk-Url-2 = {https://doi.org/10.1093/bioinformatics/btq413}}

@article{Crooks_2004,
	Author = {G. E. Crooks},
	Doi = {10.1101/gr.849004},
	Journal = {Genome Research},
	Month = {may},
	Number = {6},
	Pages = {1188--1190},
	Publisher = {Cold Spring Harbor Laboratory},
	Title = {{WebLogo}: A Sequence Logo Generator},
	Url = {https://doi.org/10.1101\%2Fgr.849004},
	Volume = {14},
	Year = 2004,
	Bdsk-Url-1 = {https://doi.org/10.1101\%2Fgr.849004},
	Bdsk-Url-2 = {https://doi.org/10.1101/gr.849004}}

@article{Gloor_2017,
	Author = {Gregory B. Gloor and Jean M. Macklaim and Vera Pawlowsky-Glahn and Juan J. Egozcue},
	Doi = {10.3389/fmicb.2017.02224},
	Journal = {Frontiers in Microbiology},
	Month = {nov},
	Publisher = {Frontiers Media {SA}},
	Title = {Microbiome Datasets Are Compositional: And This Is Not Optional},
	Url = {https://doi.org/10.3389\%2Ffmicb.2017.02224},
	Volume = {8},
	Year = 2017,
	Bdsk-Url-1 = {https://doi.org/10.3389\%2Ffmicb.2017.02224},
	Bdsk-Url-2 = {https://doi.org/10.3389/fmicb.2017.02224}}

@article{Martin_1990,
	Author = {John H. Martin and R. Michael Gordon and Steve E. Fitzwater},
	Doi = {10.1038/345156a0},
	Journal = {Nature},
	Month = {may},
	Number = {6271},
	Pages = {156--158},
	Publisher = {Springer Nature},
	Title = {Iron in Antarctic waters},
	Url = {https://doi.org/10.1038\%2F345156a0},
	Volume = {345},
	Year = 1990,
	Bdsk-Url-1 = {https://doi.org/10.1038\%2F345156a0},
	Bdsk-Url-2 = {https://doi.org/10.1038/345156a0}}

@article{Tagliabue_2014,
	Author = {Alessandro Tagliabue and Jean-Baptiste Sall{\'{e}}e and Andrew R. Bowie and Marina L{\'{e}}vy and Sebastiaan Swart and Philip W. Boyd},
	Doi = {10.1038/ngeo2101},
	Journal = {Nature Geoscience},
	Month = {mar},
	Number = {4},
	Pages = {314--320},
	Publisher = {Springer Nature},
	Title = {Surface-water iron supplies in the Southern Ocean sustained by deep winter mixing},
	Url = {https://doi.org/10.1038\%2Fngeo2101},
	Volume = {7},
	Year = 2014,
	Bdsk-Url-1 = {https://doi.org/10.1038\%2Fngeo2101},
	Bdsk-Url-2 = {https://doi.org/10.1038/ngeo2101}}

@article{Cavicchioli_2015,
	Author = {Ricardo Cavicchioli},
	Doi = {10.1038/nrmicro3549},
	Journal = {Nature Reviews Microbiology},
	Month = {oct},
	Number = {11},
	Pages = {691--706},
	Publisher = {Springer Nature},
	Title = {Microbial ecology of Antarctic aquatic systems},
	Url = {https://doi.org/10.1038\%2Fnrmicro3549},
	Volume = {13},
	Year = 2015,
	Bdsk-Url-1 = {https://doi.org/10.1038\%2Fnrmicro3549},
	Bdsk-Url-2 = {https://doi.org/10.1038/nrmicro3549}}

@article{Wilkins_2013,
	Author = {David Wilkins and Sheree Yau and Timothy J. Williams and Michelle A. Allen and Mark V. Brown and Matthew Z. DeMaere and Federico M. Lauro and Ricardo Cavicchioli},
	Doi = {10.1111/1574-6976.12007},
	Journal = {{FEMS} Microbiology Reviews},
	Month = {may},
	Number = {3},
	Pages = {303--335},
	Publisher = {Oxford University Press ({OUP})},
	Title = {Key microbial drivers in Antarctic aquatic environments},
	Url = {https://doi.org/10.1111\%2F1574-6976.12007},
	Volume = {37},
	Year = 2013,
	Bdsk-Url-1 = {https://doi.org/10.1111\%2F1574-6976.12007},
	Bdsk-Url-2 = {https://doi.org/10.1111/1574-6976.12007}}

@article{Milici_2017,
	Author = {Mathias Milici and Marius Vital and J{\"u}rgen Tomasch and Thomas H. Badewien and Helge-A. Giebel and Iris Plumeier and Hui Wang and Dietmar H. Pieper and Irene Wagner-D{\"o}bler and Meinhard Simon},
	Doi = {10.1002/lno.10487},
	Journal = {Limnology and Oceanography},
	Month = {feb},
	Number = {3},
	Pages = {1080--1095},
	Publisher = {Wiley-Blackwell},
	Title = {Diversity and community composition of particle-associated and free-living bacteria in mesopelagic and bathypelagic Southern Ocean water masses: Evidence of dispersal limitation in the Bransfield Strait},
	Url = {https://doi.org/10.1002\%2Flno.10487},
	Volume = {62},
	Year = 2017,
	Bdsk-Url-1 = {https://doi.org/10.1002\%2Flno.10487},
	Bdsk-Url-2 = {https://doi.org/10.1002/lno.10487}}

@article{Jordan_2002,
	Author = {I. K. Jordan and I. B. Rogozin and Y. I. Wolf and E. V. Koonin},
	Doi = {10.1101/gr.87702},
	Journal = {Genome Research},
	Month = {may},
	Number = {6},
	Pages = {962--968},
	Publisher = {Cold Spring Harbor Laboratory},
	Title = {Essential Genes Are More Evolutionarily Conserved Than Are Nonessential Genes in Bacteria},
	Url = {https://doi.org/10.1101\%2Fgr.87702},
	Volume = {12},
	Year = 2002,
	Bdsk-Url-1 = {https://doi.org/10.1101\%2Fgr.87702},
	Bdsk-Url-2 = {https://doi.org/10.1101/gr.87702}}

@article{Delmont_2018,
	Author = {Tom O. Delmont and A. Murat Eren},
	Doi = {10.7717/peerj.4320},
	Journal = {{PeerJ}},
	Month = {jan},
	Pages = {e4320},
	Publisher = {{PeerJ}},
	Title = {Linking pangenomes and metagenomes: the Prochlorococcus metapangenome},
	Url = {https://doi.org/10.7717\%2Fpeerj.4320},
	Volume = {6},
	Year = 2018,
	Bdsk-Url-1 = {https://doi.org/10.7717\%2Fpeerj.4320},
	Bdsk-Url-2 = {https://doi.org/10.7717/peerj.4320}}

@article{Prosser_2014,
	Author = {G. A. Prosser and G. Larrouy-Maumus and L. P. S. de Carvalho},
	Doi = {10.15252/embr.201338283},
	Journal = {{EMBO} reports},
	Month = {may},
	Publisher = {{EMBO}},
	Title = {Metabolomic strategies for the identification of new enzyme functions and metabolic pathways},
	Url = {https://doi.org/10.15252\%2Fembr.201338283},
	Year = 2014,
	Bdsk-Url-1 = {https://doi.org/10.15252\%2Fembr.201338283},
	Bdsk-Url-2 = {https://doi.org/10.15252/embr.201338283}}

@article{Gobet_2011,
	Author = {Ang{\'{e}}lique Gobet and Simone I B{\"o}er and Susan M Huse and Justus E E van Beusekom and Christopher Quince and Mitchell L Sogin and Antje Boetius and Alban Ramette},
	Doi = {10.1038/ismej.2011.132},
	Journal = {The {ISME} Journal},
	Month = {oct},
	Number = {3},
	Pages = {542--553},
	Publisher = {Springer Nature},
	Title = {Diversity and dynamics of rare and of resident bacterial populations in coastal sands},
	Url = {https://doi.org/10.1038\%2Fismej.2011.132},
	Volume = {6},
	Year = 2011,
	Bdsk-Url-1 = {https://doi.org/10.1038\%2Fismej.2011.132},
	Bdsk-Url-2 = {https://doi.org/10.1038/ismej.2011.132}}

@article{Li_2008,
	Author = {Weizhong Li and John C. Wooley and Adam Godzik},
	Doi = {10.1371/journal.pone.0003375},
	Editor = {David Jones},
	Journal = {{PLoS} {ONE}},
	Month = {oct},
	Number = {10},
	Pages = {e3375},
	Publisher = {Public Library of Science ({PLoS})},
	Title = {Probing Metagenomics by Rapid Cluster Analysis of Very Large Datasets},
	Url = {https://doi.org/10.1371\%2Fjournal.pone.0003375},
	Volume = {3},
	Year = 2008,
	Bdsk-Url-1 = {https://doi.org/10.1371\%2Fjournal.pone.0003375},
	Bdsk-Url-2 = {https://doi.org/10.1371/journal.pone.0003375}}

@article{Pedr_s_Ali__2006,
	Author = {Carlos Pedr{\'{o}}s-Ali{\'{o}}},
	Doi = {10.1016/j.tim.2006.04.007},
	Journal = {Trends in Microbiology},
	Month = {jun},
	Number = {6},
	Pages = {257--263},
	Publisher = {Elsevier {BV}},
	Title = {Marine microbial diversity: can it be determined?},
	Url = {https://doi.org/10.1016\%2Fj.tim.2006.04.007},
	Volume = {14},
	Year = 2006,
	Bdsk-Url-1 = {https://doi.org/10.1016\%2Fj.tim.2006.04.007},
	Bdsk-Url-2 = {https://doi.org/10.1016/j.tim.2006.04.007}}

@article{Buttigieg_2018,
	Author = {Pier Luigi Buttigieg and Eduard Fadeev and Christina Bienhold and Laura Hehemann and Pierre Offre and Antje Boetius},
	Doi = {10.1016/j.mib.2018.01.015},
	Journal = {Current Opinion in Microbiology},
	Month = {jun},
	Pages = {169--185},
	Publisher = {Elsevier {BV}},
	Title = {Marine microbes in 4D {\textemdash} using time series observation to assess the dynamics of the ocean microbiome and its links to ocean health},
	Url = {https://doi.org/10.1016\%2Fj.mib.2018.01.015},
	Volume = {43},
	Year = 2018,
	Bdsk-Url-1 = {https://doi.org/10.1016\%2Fj.mib.2018.01.015},
	Bdsk-Url-2 = {https://doi.org/10.1016/j.mib.2018.01.015}}

@article{Cordier_2017,
	Author = {Tristan Cordier and Philippe Esling and Franck Lejzerowicz and Joana Visco and Amine Ouadahi and Catarina Martins and Tomas Cedhagen and Jan Pawlowski},
	Doi = {10.1021/acs.est.7b01518},
	Journal = {Environmental Science {\&} Technology},
	Month = {jul},
	Number = {16},
	Pages = {9118--9126},
	Publisher = {American Chemical Society ({ACS})},
	Title = {Predicting the Ecological Quality Status of Marine Environments from {eDNA} Metabarcoding Data Using Supervised Machine Learning},
	Url = {https://doi.org/10.1021\%2Facs.est.7b01518},
	Volume = {51},
	Year = 2017,
	Bdsk-Url-1 = {https://doi.org/10.1021\%2Facs.est.7b01518},
	Bdsk-Url-2 = {https://doi.org/10.1021/acs.est.7b01518}}

@incollection{Barer_2015,
	Author = {Michael R. Barer},
	Booktitle = {Molecular Medical Microbiology},
	Doi = {10.1016/b978-0-12-397169-2.00010-x},
	Pages = {181--199},
	Publisher = {Elsevier},
	Title = {Bacterial Growth, Culturability and Viability},
	Url = {https://doi.org/10.1016\%2Fb978-0-12-397169-2.00010-x},
	Year = 2015,
	Bdsk-Url-1 = {https://doi.org/10.1016\%2Fb978-0-12-397169-2.00010-x},
	Bdsk-Url-2 = {https://doi.org/10.1016/b978-0-12-397169-2.00010-x}}

@article{Galperin_2004,
	Author = {M. Y. Galperin},
	Doi = {10.1093/nar/gkh885},
	Journal = {Nucleic Acids Research},
	Month = {oct},
	Number = {18},
	Pages = {5452--5463},
	Publisher = {Oxford University Press ({OUP})},
	Title = {{\textquotesingle}Conserved hypothetical{\textquotesingle} proteins: prioritization of targets for experimental study},
	Url = {https://doi.org/10.1093\%2Fnar\%2Fgkh885},
	Volume = {32},
	Year = 2004,
	Bdsk-Url-1 = {https://doi.org/10.1093\%2Fnar\%2Fgkh885},
	Bdsk-Url-2 = {https://doi.org/10.1093/nar/gkh885}}

@article{Hanson_2010,
	Author = {Andrew~D. Hanson and Anne Pribat and Jeffrey~C. Waller and ~Val{\'{e}}rie~de Cr{\'{e}}cy-Lagard},
	Doi = {10.1042/bj20091328},
	Journal = {Biochemical Journal},
	Month = {jan},
	Number = {1},
	Pages = {1--11},
	Publisher = {Portland Press Ltd.},
	Title = {`Unknown' proteins and `orphan' enzymes: the missing half of the engineering parts list {\textendash} and how to find it},
	Url = {https://doi.org/10.1042\%2Fbj20091328},
	Volume = {425},
	Year = 2010,
	Bdsk-Url-1 = {https://doi.org/10.1042\%2Fbj20091328},
	Bdsk-Url-2 = {https://doi.org/10.1042/bj20091328}}

@article{Tringe_2005,
	Author = {S. G. Tringe},
	Doi = {10.1126/science.1107851},
	Journal = {Science},
	Month = {apr},
	Number = {5721},
	Pages = {554--557},
	Publisher = {American Association for the Advancement of Science ({AAAS})},
	Title = {Comparative Metagenomics of Microbial Communities},
	Url = {https://doi.org/10.1126\%2Fscience.1107851},
	Volume = {308},
	Year = 2005,
	Bdsk-Url-1 = {https://doi.org/10.1126\%2Fscience.1107851},
	Bdsk-Url-2 = {https://doi.org/10.1126/science.1107851}}

@article{Dupont_2011,
	Author = {Chris L Dupont and Douglas B Rusch and Shibu Yooseph and Mary-Jane Lombardo and R Alexander Richter and Ruben Valas and Mark Novotny and Joyclyn Yee-Greenbaum and Jeremy D Selengut and Dan H Haft and Aaron L Halpern and Roger S Lasken and Kenneth Nealson and Robert Friedman and J Craig Venter},
	Doi = {10.1038/ismej.2011.189},
	Journal = {The {ISME} Journal},
	Month = {dec},
	Number = {6},
	Pages = {1186--1199},
	Publisher = {Springer Nature},
	Title = {Genomic insights to {SAR}86, an abundant and uncultivated marine bacterial lineage},
	Url = {https://doi.org/10.1038\%2Fismej.2011.189},
	Volume = {6},
	Year = 2011,
	Bdsk-Url-1 = {https://doi.org/10.1038\%2Fismej.2011.189},
	Bdsk-Url-2 = {https://doi.org/10.1038/ismej.2011.189}}

@article{Arango_Argoty_2018,
	Author = {Gustavo Arango-Argoty and Emily Garner and Amy Pruden and Lenwood S. Heath and Peter Vikesland and Liqing Zhang},
	Doi = {10.1186/s40168-018-0401-z},
	Journal = {Microbiome},
	Month = {feb},
	Number = {1},
	Publisher = {Springer Nature},
	Title = {{DeepARG}: a deep learning approach for predicting antibiotic resistance genes from metagenomic data},
	Url = {https://doi.org/10.1186\%2Fs40168-018-0401-z},
	Volume = {6},
	Year = 2018,
	Bdsk-Url-1 = {https://doi.org/10.1186\%2Fs40168-018-0401-z},
	Bdsk-Url-2 = {https://doi.org/10.1186/s40168-018-0401-z}}

@article{Yooseph_2007,
	Author = {Shibu Yooseph and Granger Sutton and Douglas B Rusch and Aaron L Halpern and Shannon J Williamson and Karin Remington and Jonathan A Eisen and Karla B Heidelberg and Gerard Manning and Weizhong Li and Lukasz Jaroszewski and Piotr Cieplak and Christopher S Miller and Huiying Li and Susan T Mashiyama and Marcin P Joachimiak and Christopher van Belle and John-Marc Chandonia and David A Soergel and Yufeng Zhai and Kannan Natarajan and Shaun Lee and Benjamin J Raphael and Vineet Bafna and Robert Friedman and Steven E Brenner and Adam Godzik and David Eisenberg and Jack E Dixon and Susan S Taylor and Robert L Strausberg and Marvin Frazier and J. Craig Venter},
	Doi = {10.1371/journal.pbio.0050016},
	Editor = {Sean Eddy},
	Journal = {{PLoS} Biology},
	Month = {mar},
	Number = {3},
	Pages = {e16},
	Publisher = {Public Library of Science ({PLoS})},
	Title = {The Sorcerer {II} Global Ocean Sampling Expedition: Expanding the Universe of Protein Families},
	Url = {https://doi.org/10.1371\%2Fjournal.pbio.0050016},
	Volume = {5},
	Year = 2007,
	Bdsk-Url-1 = {https://doi.org/10.1371\%2Fjournal.pbio.0050016},
	Bdsk-Url-2 = {https://doi.org/10.1371/journal.pbio.0050016}}

@article{McMahon_2015,
	Author = {Katherine McMahon},
	Doi = {10.1111/1758-2229.12253},
	Journal = {Environmental Microbiology Reports},
	Month = {feb},
	Number = {1},
	Pages = {38--39},
	Publisher = {Wiley-Blackwell},
	Title = {`Metagenomics 2.0'},
	Url = {https://doi.org/10.1111\%2F1758-2229.12253},
	Volume = {7},
	Year = 2015,
	Bdsk-Url-1 = {https://doi.org/10.1111\%2F1758-2229.12253},
	Bdsk-Url-2 = {https://doi.org/10.1111/1758-2229.12253}}

@article{Sharpton_2014,
	Author = {Thomas J. Sharpton},
	Doi = {10.3389/fpls.2014.00209},
	Journal = {Frontiers in Plant Science},
	Month = {jun},
	Publisher = {Frontiers Media {SA}},
	Title = {An introduction to the analysis of shotgun metagenomic data},
	Url = {https://doi.org/10.3389\%2Ffpls.2014.00209},
	Volume = {5},
	Year = 2014,
	Bdsk-Url-1 = {https://doi.org/10.3389\%2Ffpls.2014.00209},
	Bdsk-Url-2 = {https://doi.org/10.3389/fpls.2014.00209}}

@article{Wilkinson_2016,
	Author = {Mark D. Wilkinson and Michel Dumontier and IJsbrand Jan Aalbersberg and Gabrielle Appleton and Myles Axton and Arie Baak and Niklas Blomberg and Jan-Willem Boiten and Luiz Bonino da Silva Santos and Philip E. Bourne and Jildau Bouwman and Anthony J. Brookes and Tim Clark and Merc{\`{e}} Crosas and Ingrid Dillo and Olivier Dumon and Scott Edmunds and Chris T. Evelo and Richard Finkers and Alejandra Gonzalez-Beltran and Alasdair J.G. Gray and Paul Groth and Carole Goble and Jeffrey S. Grethe and Jaap Heringa and Peter A.C 't Hoen and Rob Hooft and Tobias Kuhn and Ruben Kok and Joost Kok and Scott J. Lusher and Maryann E. Martone and Albert Mons and Abel L. Packer and Bengt Persson and Philippe Rocca-Serra and Marco Roos and Rene van Schaik and Susanna-Assunta Sansone and Erik Schultes and Thierry Sengstag and Ted Slater and George Strawn and Morris A. Swertz and Mark Thompson and Johan van der Lei and Erik van Mulligen and Jan Velterop and Andra Waagmeester and Peter Wittenburg and Katherine Wolstencroft and Jun Zhao and Barend Mons},
	Doi = {10.1038/sdata.2016.18},
	Journal = {Scientific Data},
	Month = {mar},
	Pages = {160018},
	Publisher = {Springer Nature},
	Title = {The {FAIR} Guiding Principles for scientific data management and stewardship},
	Url = {https://doi.org/10.1038\%2Fsdata.2016.18},
	Volume = {3},
	Year = 2016,
	Bdsk-Url-1 = {https://doi.org/10.1038\%2Fsdata.2016.18},
	Bdsk-Url-2 = {https://doi.org/10.1038/sdata.2016.18}}

@article{Fischer_1999,
	Author = {D. Fischer and D. Eisenberg},
	Doi = {10.1093/bioinformatics/15.9.759},
	Journal = {Bioinformatics},
	Month = {sep},
	Number = {9},
	Pages = {759--762},
	Publisher = {Oxford University Press ({OUP})},
	Title = {Finding families for genomic {ORFans}},
	Url = {https://doi.org/10.1093\%2Fbioinformatics\%2F15.9.759},
	Volume = {15},
	Year = 1999,
	Bdsk-Url-1 = {https://doi.org/10.1093\%2Fbioinformatics\%2F15.9.759},
	Bdsk-Url-2 = {https://doi.org/10.1093/bioinformatics/15.9.759}}

@article{Rusch_2007,
	Author = {Douglas B Rusch and Aaron L Halpern and Granger Sutton and Karla B Heidelberg and Shannon Williamson and Shibu Yooseph and Dongying Wu and Jonathan A Eisen and Jeff M Hoffman and Karin Remington and Karen Beeson and Bao Tran and Hamilton Smith and Holly Baden-Tillson and Clare Stewart and Joyce Thorpe and Jason Freeman and Cynthia Andrews-Pfannkoch and Joseph E Venter and Kelvin Li and Saul Kravitz and John F Heidelberg and Terry Utterback and Yu-Hui Rogers and Luisa I Falc{\'{o}}n and Valeria Souza and Germ{\'{a}}n Bonilla-Rosso and Luis E Eguiarte and David M Karl and Shubha Sathyendranath and Trevor Platt and Eldredge Bermingham and Victor Gallardo and Giselle Tamayo-Castillo and Michael R Ferrari and Robert L Strausberg and Kenneth Nealson and Robert Friedman and Marvin Frazier and J. Craig Venter},
	Doi = {10.1371/journal.pbio.0050077},
	Editor = {Nancy A Moran},
	Journal = {{PLoS} Biology},
	Month = {mar},
	Number = {3},
	Pages = {e77},
	Publisher = {Public Library of Science ({PLoS})},
	Title = {The Sorcerer {II} Global Ocean Sampling Expedition: Northwest Atlantic through Eastern Tropical Pacific},
	Url = {https://doi.org/10.1371\%2Fjournal.pbio.0050077},
	Volume = {5},
	Year = 2007,
	Bdsk-Url-1 = {https://doi.org/10.1371\%2Fjournal.pbio.0050077},
	Bdsk-Url-2 = {https://doi.org/10.1371/journal.pbio.0050077}}

@article{Eberhardt_2012,
	Author = {R. Y. Eberhardt and D. H. Haft and M. Punta and M. Martin and C. O{\textquotesingle}Donovan and A. Bateman},
	Doi = {10.1093/database/bas003},
	Journal = {Database},
	Month = {mar},
	Number = {0},
	Pages = {bas003--bas003},
	Publisher = {Oxford University Press ({OUP})},
	Title = {{AntiFam}: a tool to help identify spurious {ORFs} in protein annotation},
	Url = {https://doi.org/10.1093\%2Fdatabase\%2Fbas003},
	Volume = {2012},
	Year = 2012,
	Bdsk-Url-1 = {https://doi.org/10.1093\%2Fdatabase\%2Fbas003},
	Bdsk-Url-2 = {https://doi.org/10.1093/database/bas003}}

@article{Nekrutenko_2001,
	Author = {A. Nekrutenko},
	Doi = {10.1101/gr.200901},
	Journal = {Genome Research},
	Month = {dec},
	Number = {1},
	Pages = {198--202},
	Publisher = {Cold Spring Harbor Laboratory},
	Title = {The {KA}/{KS} Ratio Test for Assessing the Protein-Coding Potential of Genomic Regions: An Empirical and Simulation Study},
	Url = {https://doi.org/10.1101\%2Fgr.200901},
	Volume = {12},
	Year = 2001,
	Bdsk-Url-1 = {https://doi.org/10.1101\%2Fgr.200901},
	Bdsk-Url-2 = {https://doi.org/10.1101/gr.200901}}

@incollection{States_1991,
	Author = {David J. States and Mark S. Boguski},
	Booktitle = {Sequence Analysis Primer},
	Doi = {10.1007/978-1-349-21355-9_3},
	Pages = {89--157},
	Publisher = {Palgrave Macmillan {UK}},
	Title = {Similarity and Homology},
	Url = {https://doi.org/10.1007\%2F978-1-349-21355-9_3},
	Year = 1991,
	Bdsk-Url-1 = {https://doi.org/10.1007\%2F978-1-349-21355-9_3},
	Bdsk-Url-2 = {https://doi.org/10.1007/978-1-349-21355-9_3}}

@article{Jaroszewski_2009,
	Author = {Lukasz Jaroszewski and Zhanwen Li and S. Sri Krishna and Constantina Bakolitsa and John Wooley and Ashley M. Deacon and Ian A. Wilson and Adam Godzik},
	Doi = {10.1371/journal.pbio.1000205},
	Editor = {Cyrus Chothia},
	Journal = {{PLoS} Biology},
	Month = {sep},
	Number = {9},
	Pages = {e1000205},
	Publisher = {Public Library of Science ({PLoS})},
	Title = {Exploration of Uncharted Regions of the Protein Universe},
	Url = {https://doi.org/10.1371\%2Fjournal.pbio.1000205},
	Volume = {7},
	Year = 2009,
	Bdsk-Url-1 = {https://doi.org/10.1371\%2Fjournal.pbio.1000205},
	Bdsk-Url-2 = {https://doi.org/10.1371/journal.pbio.1000205}}

@article{Edgar_2004,
	Author = {R. C. Edgar},
	Doi = {10.1093/nar/gkh340},
	Journal = {Nucleic Acids Research},
	Month = {mar},
	Number = {5},
	Pages = {1792--1797},
	Publisher = {Oxford University Press ({OUP})},
	Title = {{MUSCLE}: multiple sequence alignment with high accuracy and high throughput},
	Url = {https://doi.org/10.1093\%2Fnar\%2Fgkh340},
	Volume = {32},
	Year = 2004,
	Bdsk-Url-1 = {https://doi.org/10.1093\%2Fnar\%2Fgkh340},
	Bdsk-Url-2 = {https://doi.org/10.1093/nar/gkh340}}

@article{Tatusov_2000,
	Author = {R. L. Tatusov},
	Doi = {10.1093/nar/28.1.33},
	Journal = {Nucleic Acids Research},
	Month = {jan},
	Number = {1},
	Pages = {33--36},
	Publisher = {Oxford University Press ({OUP})},
	Title = {The COG database: a tool for genome-scale analysis of protein functions and evolution},
	Url = {https://doi.org/10.1093\%2Fnar\%2F28.1.33},
	Volume = {28},
	Year = 2000,
	Bdsk-Url-1 = {https://doi.org/10.1093\%2Fnar\%2F28.1.33},
	Bdsk-Url-2 = {https://doi.org/10.1093/nar/28.1.33}}

@article{Gevers_2012,
	Author = {Dirk Gevers and Rob Knight and Joseph F. Petrosino and Katherine Huang and Amy L. McGuire and Bruce W. Birren and Karen E. Nelson and Owen White and Barbara A. Meth{\'{e}} and Curtis Huttenhower},
	Doi = {10.1371/journal.pbio.1001377},
	Journal = {{PLoS} Biology},
	Month = {aug},
	Number = {8},
	Pages = {e1001377},
	Publisher = {Public Library of Science ({PLoS})},
	Title = {The Human Microbiome Project: A Community Resource for the Healthy Human Microbiome},
	Url = {https://doi.org/10.1371\%2Fjournal.pbio.1001377},
	Volume = {10},
	Year = 2012,
	Bdsk-Url-1 = {https://doi.org/10.1371\%2Fjournal.pbio.1001377},
	Bdsk-Url-2 = {https://doi.org/10.1371/journal.pbio.1001377}}

@article{Parks_2011,
	Author = {Donovan H Parks and Norman J MacDonald and Robert G Beiko},
	Doi = {10.1186/1471-2105-12-328},
	Journal = {{BMC} Bioinformatics},
	Number = {1},
	Pages = {328},
	Publisher = {Springer Nature},
	Title = {Classifying short genomic fragments from novel lineages using composition and homology},
	Url = {https://doi.org/10.1186\%2F1471-2105-12-328},
	Volume = {12},
	Year = 2011,
	Bdsk-Url-1 = {https://doi.org/10.1186\%2F1471-2105-12-328},
	Bdsk-Url-2 = {https://doi.org/10.1186/1471-2105-12-328}}

@article{Finn_2015,
	Author = {Robert D. Finn and Penelope Coggill and Ruth Y. Eberhardt and Sean R. Eddy and Jaina Mistry and Alex L. Mitchell and Simon C. Potter and Marco Punta and Matloob Qureshi and Amaia Sangrador-Vegas and Gustavo A. Salazar and John Tate and Alex Bateman},
	Doi = {10.1093/nar/gkv1344},
	Journal = {Nucleic Acids Research},
	Month = {dec},
	Number = {D1},
	Pages = {D279--D285},
	Publisher = {Oxford University Press ({OUP})},
	Title = {The Pfam protein families database: towards a more sustainable future},
	Url = {https://doi.org/10.1093\%2Fnar\%2Fgkv1344},
	Volume = {44},
	Year = 2015,
	Bdsk-Url-1 = {https://doi.org/10.1093\%2Fnar\%2Fgkv1344},
	Bdsk-Url-2 = {https://doi.org/10.1093/nar/gkv1344}}

@article{Huerta_Cepas_2015,
	Author = {Jaime Huerta-Cepas and Damian Szklarczyk and Kristoffer Forslund and Helen Cook and Davide Heller and Mathias C. Walter and Thomas Rattei and Daniel R. Mende and Shinichi Sunagawa and Michael Kuhn and Lars Juhl Jensen and Christian von~Mering and Peer Bork},
	Doi = {10.1093/nar/gkv1248},
	Journal = {Nucleic Acids Research},
	Month = {nov},
	Number = {D1},
	Pages = {D286--D293},
	Publisher = {Oxford University Press ({OUP})},
	Title = {{eggNOG} 4.5: a hierarchical orthology framework with improved functional annotations for eukaryotic, prokaryotic and viral sequences},
	Url = {https://doi.org/10.1093\%2Fnar\%2Fgkv1248},
	Volume = {44},
	Year = 2015,
	Bdsk-Url-1 = {https://doi.org/10.1093\%2Fnar\%2Fgkv1248},
	Bdsk-Url-2 = {https://doi.org/10.1093/nar/gkv1248}}

@article{Perdig_o_2017,
	Author = {Nelson Perdig{\~{a}}o and Agostinho C. Rosa and Se{\'{a}}n I. O'Donoghue},
	Doi = {10.1186/s13040-017-0144-6},
	Journal = {{BioData} Mining},
	Month = {jul},
	Number = {1},
	Publisher = {Springer Nature},
	Title = {The Dark Proteome Database},
	Url = {https://doi.org/10.1186\%2Fs13040-017-0144-6},
	Volume = {10},
	Year = 2017,
	Bdsk-Url-1 = {https://doi.org/10.1186\%2Fs13040-017-0144-6},
	Bdsk-Url-2 = {https://doi.org/10.1186/s13040-017-0144-6}}

@article{Lloyd_Price_2017,
	Author = {Jason Lloyd-Price and Anup Mahurkar and Gholamali Rahnavard and Jonathan Crabtree and Joshua Orvis and A. Brantley Hall and Arthur Brady and Heather H. Creasy and Carrie McCracken and Michelle G. Giglio and Daniel McDonald and Eric A. Franzosa and Rob Knight and Owen White and Curtis Huttenhower},
	Doi = {10.1038/nature23889},
	Journal = {Nature},
	Month = {sep},
	Publisher = {Springer Nature},
	Title = {Strains, functions and dynamics in the expanded Human Microbiome Project},
	Url = {https://doi.org/10.1038\%2Fnature23889},
	Year = 2017,
	Bdsk-Url-1 = {https://doi.org/10.1038\%2Fnature23889},
	Bdsk-Url-2 = {https://doi.org/10.1038/nature23889}}

@article{Pavlopoulos_2017,
	Author = {Georgios A Pavlopoulos},
	Doi = {10.15406/mojpb.2017.05.00174},
	Journal = {{MOJ} Proteomics {\&} Bioinformatics},
	Month = {jun},
	Number = {5},
	Publisher = {{MedCrave} Group, {LLC}},
	Title = {How to Cluster Protein Sequences: Tools, Tips and Commands},
	Url = {https://doi.org/10.15406\%2Fmojpb.2017.05.00174},
	Volume = {5},
	Year = 2017,
	Bdsk-Url-1 = {https://doi.org/10.15406\%2Fmojpb.2017.05.00174},
	Bdsk-Url-2 = {https://doi.org/10.15406/mojpb.2017.05.00174}}

@article{Barrientos_Somarribas_2018,
	Author = {Mauricio Barrientos-Somarribas and David N. Messina and Christian Pou and Fredrik Lysholm and Annelie Bjerkner and Tobias Allander and Bj{\"o}rn Andersson and Erik L. L. Sonnhammer},
	Doi = {10.1038/s41598-017-18341-7},
	Journal = {Scientific Reports},
	Month = {jan},
	Number = {1},
	Publisher = {Springer Nature},
	Title = {Discovering viral genomes in human metagenomic data by predicting unknown protein families},
	Url = {https://doi.org/10.1038\%2Fs41598-017-18341-7},
	Volume = {8},
	Year = 2018,
	Bdsk-Url-1 = {https://doi.org/10.1038\%2Fs41598-017-18341-7},
	Bdsk-Url-2 = {https://doi.org/10.1038/s41598-017-18341-7}}

@article{Carradec_2018,
	Author = {Quentin Carradec and and Eric Pelletier and Corinne Da Silva and Adriana Alberti and Yoann Seeleuthner and Romain Blanc-Mathieu and Gipsi Lima-Mendez and Fabio Rocha and Leila Tirichine and Karine Labadie and Amos Kirilovsky and Alexis Bertrand and Stefan Engelen and Mohammed-Amin Madoui and Rapha{\"e}l M{\'{e}}heust and Julie Poulain and Sarah Romac and Daniel J. Richter and Genki Yoshikawa and C{\'{e}}line Dimier and Stefanie Kandels-Lewis and Marc Picheral and Sarah Searson and Olivier Jaillon and Jean-Marc Aury and Eric Karsenti and Matthew B. Sullivan and Shinichi Sunagawa and Peer Bork and Fabrice Not and Pascal Hingamp and Jeroen Raes and Lionel Guidi and Hiroyuki Ogata and Colomban de Vargas and Daniele Iudicone and Chris Bowler and Patrick Wincker},
	Doi = {10.1038/s41467-017-02342-1},
	Journal = {Nature Communications},
	Month = {jan},
	Number = {1},
	Publisher = {Springer Nature},
	Title = {A global ocean atlas of eukaryotic genes},
	Url = {https://doi.org/10.1038\%2Fs41467-017-02342-1},
	Volume = {9},
	Year = 2018,
	Bdsk-Url-1 = {https://doi.org/10.1038\%2Fs41467-017-02342-1},
	Bdsk-Url-2 = {https://doi.org/10.1038/s41467-017-02342-1}}

@article{Bernard_2018,
	Author = {Guillaume Bernard and Jananan S Pathmanathan and Romain Lannes and Philippe Lopez and Eric Bapteste},
	Doi = {10.1093/gbe/evy031},
	Journal = {Genome Biology and Evolution},
	Month = {feb},
	Number = {3},
	Pages = {707--715},
	Publisher = {Oxford University Press ({OUP})},
	Title = {Microbial Dark Matter Investigations: How Microbial Studies Transform Biological Knowledge and Empirically Sketch a Logic of Scientific Discovery},
	Url = {https://doi.org/10.1093\%2Fgbe\%2Fevy031},
	Volume = {10},
	Year = 2018,
	Bdsk-Url-1 = {https://doi.org/10.1093\%2Fgbe\%2Fevy031},
	Bdsk-Url-2 = {https://doi.org/10.1093/gbe/evy031}}

@article{Buchfink_2014,
	Author = {Benjamin Buchfink and Chao Xie and Daniel H Huson},
	Doi = {10.1038/nmeth.3176},
	Journal = {Nature Methods},
	Month = {nov},
	Number = {1},
	Pages = {59--60},
	Publisher = {Springer Nature},
	Title = {Fast and sensitive protein alignment using {DIAMOND}},
	Url = {https://doi.org/10.1038\%2Fnmeth.3176},
	Volume = {12},
	Year = 2014,
	Bdsk-Url-1 = {https://doi.org/10.1038\%2Fnmeth.3176},
	Bdsk-Url-2 = {https://doi.org/10.1038/nmeth.3176}}

@article{Buttigieg_2013,
	Author = {Pier Luigi Buttigieg and Wolfgang Hankeln and Ivaylo Kostadinov and Renzo Kottmann and Pelin Yilmaz and Melissa Beth Duhaime and Frank Oliver Gl{\"o}ckner},
	Doi = {10.1371/journal.pone.0050869},
	Editor = {Iddo Friedberg},
	Journal = {{PLoS} {ONE}},
	Month = {mar},
	Number = {3},
	Pages = {e50869},
	Publisher = {Public Library of Science ({PLoS})},
	Title = {Ecogenomic Perspectives on Domains of Unknown Function: Correlation-Based Exploration of Marine Metagenomes},
	Url = {https://doi.org/10.1371\%2Fjournal.pone.0050869},
	Volume = {8},
	Year = 2013,
	Bdsk-Url-1 = {https://doi.org/10.1371\%2Fjournal.pone.0050869},
	Bdsk-Url-2 = {https://doi.org/10.1371/journal.pone.0050869}}

@article{Ellens_2017,
	Author = {Kenneth W. Ellens and Nils Christian and Charandeep Singh and Venkata P. Satagopam and Patrick May and Carole L. Linster},
	Doi = {10.1093/nar/gkx937},
	Journal = {Nucleic Acids Research},
	Month = {oct},
	Number = {20},
	Pages = {11495--11514},
	Publisher = {Oxford University Press ({OUP})},
	Title = {Confronting the catalytic dark matter encoded by sequenced genomes},
	Url = {https://doi.org/10.1093\%2Fnar\%2Fgkx937},
	Volume = {45},
	Year = 2017,
	Bdsk-Url-1 = {https://doi.org/10.1093\%2Fnar\%2Fgkx937},
	Bdsk-Url-2 = {https://doi.org/10.1093/nar/gkx937}}

@article{Venter_2004,
	Author = {J. C. Venter},
	Doi = {10.1126/science.1093857},
	Journal = {Science},
	Month = {apr},
	Number = {5667},
	Pages = {66--74},
	Publisher = {American Association for the Advancement of Science ({AAAS})},
	Title = {Environmental Genome Shotgun Sequencing of the Sargasso Sea},
	Url = {https://doi.org/10.1126\%2Fscience.1093857},
	Volume = {304},
	Year = 2004,
	Bdsk-Url-1 = {https://doi.org/10.1126\%2Fscience.1093857},
	Bdsk-Url-2 = {https://doi.org/10.1126/science.1093857}}

@article{Nealson_2007,
	Author = {Kenneth H Nealson and J Craig Venter},
	Doi = {10.1038/ismej.2007.43},
	Journal = {The {ISME} Journal},
	Month = {jun},
	Number = {3},
	Pages = {185--187},
	Publisher = {Springer Nature},
	Title = {Metagenomics and the global ocean survey: what{\textquotesingle}s in it for us and why should we care?},
	Url = {https://doi.org/10.1038\%2Fismej.2007.43},
	Volume = {1},
	Year = 2007,
	Bdsk-Url-1 = {https://doi.org/10.1038\%2Fismej.2007.43},
	Bdsk-Url-2 = {https://doi.org/10.1038/ismej.2007.43}}

@article{Sunagawa_2015,
	Author = {S. Sunagawa and L. P. Coelho and S. Chaffron and J. R. Kultima and K. Labadie and G. Salazar and B. Djahanschiri and G. Zeller and D. R. Mende and A. Alberti and F. M. Cornejo-Castillo and P. I. Costea and C. Cruaud and F. d{\textquotesingle}Ovidio and S. Engelen and I. Ferrera and J. M. Gasol and L. Guidi and F. Hildebrand and F. Kokoszka and C. Lepoivre and G. Lima-Mendez and J. Poulain and B. T. Poulos and M. Royo-Llonch and H. Sarmento and S. Vieira-Silva and C. Dimier and M. Picheral and S. Searson and S. Kandels-Lewis and C. Bowler and C. de Vargas and G. Gorsky and N. Grimsley and P. Hingamp and D. Iudicone and O. Jaillon and F. Not and H. Ogata and S. Pesant and S. Speich and L. Stemmann and M. B. Sullivan and J. Weissenbach and P. Wincker and E. Karsenti and J. Raes and S. G. Acinas and P. Bork and E. Boss and C. Bowler and M. Follows and L. Karp-Boss and U. Krzic and E. G. Reynaud and C. Sardet and M. Sieracki and D. Velayoudon and},
	Doi = {10.1126/science.1261359},
	Journal = {Science},
	Month = {may},
	Number = {6237},
	Pages = {1261359--1261359},
	Publisher = {American Association for the Advancement of Science ({AAAS})},
	Title = {Structure and function of the global ocean microbiome},
	Url = {https://doi.org/10.1126\%2Fscience.1261359},
	Volume = {348},
	Year = 2015,
	Bdsk-Url-1 = {https://doi.org/10.1126\%2Fscience.1261359},
	Bdsk-Url-2 = {https://doi.org/10.1126/science.1261359}}

@article{Louca_2016,
	Author = {S. Louca and L. W. Parfrey and M. Doebeli},
	Doi = {10.1126/science.aaf4507},
	Journal = {Science},
	Month = {sep},
	Number = {6305},
	Pages = {1272--1277},
	Publisher = {American Association for the Advancement of Science ({AAAS})},
	Title = {Decoupling function and taxonomy in the global ocean microbiome},
	Url = {https://doi.org/10.1126\%2Fscience.aaf4507},
	Volume = {353},
	Year = 2016,
	Bdsk-Url-1 = {https://doi.org/10.1126\%2Fscience.aaf4507},
	Bdsk-Url-2 = {https://doi.org/10.1126/science.aaf4507}}

@article{Steinegger_2017,
	Author = {Martin Steinegger and Johannes S{\"o}ding},
	Doi = {10.1038/nbt.3988},
	Journal = {Nature Biotechnology},
	Month = {oct},
	Publisher = {Springer Nature},
	Title = {{MMseqs}2 enables sensitive protein sequence searching for the analysis of massive data sets},
	Url = {https://doi.org/10.1038\%2Fnbt.3988},
	Year = 2017,
	Bdsk-Url-1 = {https://doi.org/10.1038\%2Fnbt.3988},
	Bdsk-Url-2 = {https://doi.org/10.1038/nbt.3988}}

@article{Sharpton_2012,
	Author = {Thomas J Sharpton and Guillaume Jospin and Dongying Wu and Morgan GI Langille and Katherine S Pollard and Jonathan A Eisen},
	Doi = {10.1186/1471-2105-13-264},
	Journal = {{BMC} Bioinformatics},
	Number = {1},
	Pages = {264},
	Publisher = {Springer Nature},
	Title = {Sifting through genomes with iterative-sequence clustering produces a large, phylogenetically diverse protein-family resource},
	Url = {https://doi.org/10.1186\%2F1471-2105-13-264},
	Volume = {13},
	Year = 2012,
	Bdsk-Url-1 = {https://doi.org/10.1186\%2F1471-2105-13-264},
	Bdsk-Url-2 = {https://doi.org/10.1186/1471-2105-13-264}}

@article{Mudgal_2015,
	Author = {Richa Mudgal and Sankaran Sandhya and Nagasuma Chandra and Narayanaswamy Srinivasan},
	Doi = {10.1186/s13062-015-0069-2},
	Journal = {Biology Direct},
	Month = {jul},
	Number = {1},
	Publisher = {Springer Nature},
	Title = {De-{DUFing} the {DUFs}: Deciphering distant evolutionary relationships of Domains of Unknown Function using sensitive homology detection methods},
	Url = {https://doi.org/10.1186\%2Fs13062-015-0069-2},
	Volume = {10},
	Year = 2015,
	Bdsk-Url-1 = {https://doi.org/10.1186\%2Fs13062-015-0069-2},
	Bdsk-Url-2 = {https://doi.org/10.1186/s13062-015-0069-2}}

@article{Roux_2015,
	Author = {Simon Roux and Steven J Hallam and Tanja Woyke and Matthew B Sullivan},
	Doi = {10.7554/elife.08490},
	Journal = {{eLife}},
	Month = {jul},
	Publisher = {{eLife} Sciences Organisation, Ltd.},
	Title = {Viral dark matter and virus{\textendash}host interactions resolved from publicly available microbial genomes},
	Url = {https://doi.org/10.7554\%2Felife.08490},
	Volume = {4},
	Year = 2015,
	Bdsk-Url-1 = {https://doi.org/10.7554\%2Felife.08490},
	Bdsk-Url-2 = {https://doi.org/10.7554/elife.08490}}

@article{Enright_2002,
	Author = {Enright, A. J. and Van Dongen, S. and Ouzounis, C. A.},
	Journal = {Nucleic Acids Res.},
	Month = {Apr},
	Number = {7},
	Pages = {1575--1584},
	Title = {{{A}n efficient algorithm for large-scale detection of protein families}},
	Volume = {30},
	Year = {2002}}

@article{Wyman_2017,
	Author = {Stacia K. Wyman and Aram Avila-Herrera and Stephen Nayfach and Katherine S. Pollard},
	Doi = {10.1101/207985},
	Month = {oct},
	Publisher = {Cold Spring Harbor Laboratory},
	Title = {A most wanted list of conserved protein families with no known domains},
	Url = {https://doi.org/10.1101\%2F207985},
	Year = 2017,
	Bdsk-Url-1 = {https://doi.org/10.1101\%2F207985},
	Bdsk-Url-2 = {https://doi.org/10.1101/207985}}

@article{Altschul_1990,
	Author = {Stephen F. Altschul and Warren Gish and Webb Miller and Eugene W. Myers and David J. Lipman},
	Doi = {10.1016/s0022-2836(05)80360-2},
	Journal = {Journal of Molecular Biology},
	Month = {oct},
	Number = {3},
	Pages = {403--410},
	Publisher = {Elsevier {BV}},
	Title = {Basic local alignment search tool},
	Url = {https://doi.org/10.1016/s0022-2836(05)80360-2},
	Volume = {215},
	Year = {1990},
	Bdsk-Url-1 = {https://doi.org/10.1016/s0022-2836(05)80360-2}}

@article{Mikls_2004,
	Author = {I. Mikl{\'{o}}s and J. Podani},
	Doi = {10.1890/03-0101},
	Journal = {Ecology},
	Month = {jan},
	Number = {1},
	Pages = {86--92},
	Publisher = {Wiley-Blackwell},
	Title = {Randomization of presence{\textendash}absence matrices: comments and new algorithms},
	Url = {https://doi.org/10.1890\%2F03-0101},
	Volume = {85},
	Year = 2004,
	Bdsk-Url-1 = {https://doi.org/10.1890\%2F03-0101},
	Bdsk-Url-2 = {https://doi.org/10.1890/03-0101}}

@manual{Kassambara_2017,
	Author = {Alboukadel Kassambara},
	Note = {R package version 0.1.6},
	Title = {ggpubr: 'ggplot2' Based Publication Ready Plots},
	Url = {https://CRAN.R-project.org/package=ggpubr},
	Year = {2017},
	Bdsk-Url-1 = {https://CRAN.R-project.org/package=ggpubr}}

@article{McMurdie_2013,
	Author = {Paul J. McMurdie and Susan Holmes},
	Journal = {PLoS ONE},
	Number = {4},
	Pages = {e61217},
	Title = {phyloseq: An R package for reproducible interactive analysis and graphics of microbiome census data},
	Url = {http://dx.plos.org/10.1371/journal.pone.0061217},
	Volume = {8},
	Year = {2013},
	Bdsk-Url-1 = {http://dx.plos.org/10.1371/journal.pone.0061217}}

@manual{Oksanen_2017,
	Author = {Jari Oksanen and F. Guillaume Blanchet and Michael Friendly and Roeland Kindt and Pierre Legendre and Dan McGlinn and Peter R. Minchin and R. B. O'Hara and Gavin L. Simpson and Peter Solymos and M. Henry H. Stevens and Eduard Szoecs and Helene Wagner},
	Note = {R package version 2.4-5},
	Title = {vegan: Community Ecology Package},
	Url = {https://CRAN.R-project.org/package=vegan},
	Year = {2017},
	Bdsk-Url-1 = {https://CRAN.R-project.org/package=vegan}}

@manual{Hijmans_2017,
	Author = {Robert J. Hijmans},
	Note = {R package version 1.5-7},
	Title = {geosphere: Spherical Trigonometry},
	Url = {https://CRAN.R-project.org/package=geosphere},
	Year = {2017},
	Bdsk-Url-1 = {https://CRAN.R-project.org/package=geosphere}}

@book{Wickham_2016,
	Author = {Hadley Wickham},
	Isbn = {978-3-319-24277-4},
	Publisher = {Springer-Verlag New York},
	Title = {ggplot2: Elegant Graphics for Data Analysis},
	Url = {http://ggplot2.org},
	Year = {2016},
	Bdsk-Url-1 = {http://ggplot2.org}}

@article{Remmert_2011,
	Author = {Michael Remmert and Andreas Biegert and Andreas Hauser and Johannes S{\"o}ding},
	Doi = {10.1038/nmeth.1818},
	Journal = {Nature Methods},
	Month = {dec},
	Number = {2},
	Pages = {173--175},
	Publisher = {Springer Nature},
	Title = {{HHblits}: lightning-fast iterative protein sequence searching by {HMM}-{HMM} alignment},
	Url = {https://doi.org/10.1038\%2Fnmeth.1818},
	Volume = {9},
	Year = 2011,
	Bdsk-Url-1 = {https://doi.org/10.1038\%2Fnmeth.1818},
	Bdsk-Url-2 = {https://doi.org/10.1038/nmeth.1818}}

@article{Logares_2012,
	Author = {Ramiro Logares and Eva S Lindstr{\"o}m and Silke Langenheder and J{\"u}rg B Logue and Harriet Paterson and Johanna Laybourn-Parry and Karin Rengefors and Lars Tranvik and Stefan Bertilsson},
	Doi = {10.1038/ismej.2012.168},
	Journal = {The {ISME} Journal},
	Month = {dec},
	Number = {5},
	Pages = {937--948},
	Publisher = {Springer Nature},
	Title = {Biogeography of bacterial communities exposed to progressive long-term environmental change},
	Url = {https://doi.org/10.1038\%2Fismej.2012.168},
	Volume = {7},
	Year = 2012,
	Bdsk-Url-1 = {https://doi.org/10.1038\%2Fismej.2012.168},
	Bdsk-Url-2 = {https://doi.org/10.1038/ismej.2012.168}}

@article{Shapiro_2017,
	Author = {B. Jesse Shapiro},
	Doi = {10.1038/s41564-017-0066-6},
	Journal = {Nature Microbiology},
	Month = {nov},
	Number = {12},
	Pages = {1574--1574},
	Publisher = {Springer Nature},
	Title = {The population genetics of pangenomes},
	Url = {https://doi.org/10.1038\%2Fs41564-017-0066-6},
	Volume = {2},
	Year = 2017,
	Bdsk-Url-1 = {https://doi.org/10.1038\%2Fs41564-017-0066-6},
	Bdsk-Url-2 = {https://doi.org/10.1038/s41564-017-0066-6}}

@article{Eren_2015,
	Author = {A. Murat Eren and {\"O}zcan C. Esen and Christopher Quince and Joseph H. Vineis and Hilary G. Morrison and Mitchell L. Sogin and Tom O. Delmont},
	Doi = {10.7717/peerj.1319},
	Journal = {{PeerJ}},
	Month = {oct},
	Pages = {e1319},
	Publisher = {{PeerJ}},
	Title = {Anvi'o: an advanced analysis and visualization platform for `omics data},
	Url = {https://doi.org/10.7717\%2Fpeerj.1319},
	Volume = {3},
	Year = 2015,
	Bdsk-Url-1 = {https://doi.org/10.7717\%2Fpeerj.1319},
	Bdsk-Url-2 = {https://doi.org/10.7717/peerj.1319}}

@article{Davies_2012,
	Author = {Neil Davies and Dawn Field and The Genomic Observatories Network},
	Doi = {10.1038/481145a},
	Journal = {Nature},
	Month = {jan},
	Number = {7380},
	Pages = {145--145},
	Publisher = {Springer Nature},
	Title = {A genomic network to monitor Earth},
	Url = {https://doi.org/10.1038\%2F481145a},
	Volume = {481},
	Year = 2012,
	Bdsk-Url-1 = {https://doi.org/10.1038\%2F481145a},
	Bdsk-Url-2 = {https://doi.org/10.1038/481145a}}

@article{Delmont_2017,
	Author = {Tom O. Delmont and Christopher Quince and Alon Shaiber and Ozcan C. Esen and Sonny T. M. Lee and Sebastian Lucker and A. Murat Eren},
	Doi = {10.1101/129791},
	Month = {apr},
	Journal = {{PeerJ}},
	Publisher = {Cold Spring Harbor Laboratory},
	Title = {Nitrogen-Fixing Populations Of Planctomycetes And Proteobacteria Are Abundant In The Surface Ocean},
	Url = {https://doi.org/10.1101\%2F129791},
	Year = 2017,
	Bdsk-Url-1 = {https://doi.org/10.1101\%2F129791},
	Bdsk-Url-2 = {https://doi.org/10.1101/129791}}

@misc{Lahti_2017,
	Author = {Leo Lahti and Sudarshan Shetty and Tineka Blake and Jarkko Salojarvi},
	Title = {microbiome R package},
	Year = {2012-2017}}

@article{Wood_2014,
	Author = {Derrick E Wood and Steven L Salzberg},
	Doi = {10.1186/gb-2014-15-3-r46},
	Journal = {Genome Biology},
	Number = {3},
	Pages = {R46},
	Publisher = {Springer Nature},
	Title = {Kraken: ultrafast metagenomic sequence classification using exact alignments},
	Url = {https://doi.org/10.1186\%2Fgb-2014-15-3-r46},
	Volume = {15},
	Year = 2014,
	Bdsk-Url-1 = {https://doi.org/10.1186\%2Fgb-2014-15-3-r46},
	Bdsk-Url-2 = {https://doi.org/10.1186/gb-2014-15-3-r46}}

@article{H_ps_2018,
	Author = {Wolfram H{\"o}ps and Matt Jeffryes and Alex Bateman},
	Doi = {10.12688/f1000research.14050.1},
	Journal = {F1000Research},
	Month = {mar},
	Pages = {261},
	Publisher = {F1000 Research, Ltd.},
	Title = {Gene Unprediction with Spurio: A tool to identify spurious protein sequences},
	Url = {https://doi.org/10.12688\%2Ff1000research.14050.1},
	Volume = {7},
	Year = 2018,
	Bdsk-Url-1 = {https://doi.org/10.12688\%2Ff1000research.14050.1},
	Bdsk-Url-2 = {https://doi.org/10.12688/f1000research.14050.1}}

@article{Gibbons_2013,
	Author = {S. M. Gibbons and J. G. Caporaso and M. Pirrung and D. Field and R. Knight and J. A. Gilbert},
	Doi = {10.1073/pnas.1217767110},
	Journal = {Proceedings of the National Academy of Sciences},
	Month = {mar},
	Number = {12},
	Pages = {4651--4655},
	Publisher = {Proceedings of the National Academy of Sciences},
	Title = {Evidence for a persistent microbial seed bank throughout the global ocean},
	Url = {https://doi.org/10.1073\%2Fpnas.1217767110},
	Volume = {110},
	Year = 2013,
	Bdsk-Url-1 = {https://doi.org/10.1073\%2Fpnas.1217767110},
	Bdsk-Url-2 = {https://doi.org/10.1073/pnas.1217767110}}

@article{Pedros_2006,
	Author = {Carlos Pedr{\'{o}}s-Ali{\'{o}}},
	Doi = {10.1016/j.tim.2006.04.007},
	Journal = {Trends in Microbiology},
	Month = {jun},
	Number = {6},
	Pages = {257--263},
	Publisher = {Elsevier {BV}},
	Title = {Marine microbial diversity: can it be determined?},
	Url = {https://doi.org/10.1016\%2Fj.tim.2006.04.007},
	Volume = {14},
	Year = 2006,
	Bdsk-Url-1 = {https://doi.org/10.1016\%2Fj.tim.2006.04.007},
	Bdsk-Url-2 = {https://doi.org/10.1016/j.tim.2006.04.007}}

@manual{Wickham_2017,
	Author = {Hadley Wickham},
	Note = {R package version 1.2.1},
	Title = {tidyverse: Easily Install and Load the 'Tidyverse'},
	Url = {https://CRAN.R-project.org/package=tidyverse},
	Year = {2017},
	Bdsk-Url-1 = {https://CRAN.R-project.org/package=tidyverse}}

@incollection{Leis_2013,
	doi = {10.1016/b978-0-12-407678-5.00001-5},
	url = {https://doi.org/10.1016\%2Fb978-0-12-407678-5.00001-5},
	year = 2013,
	publisher = {Elsevier},
	pages = {1--68},
	author = {Benedikt Leis and Angel Angelov and Wolfgang Liebl},
	title = {Screening and Expression of Genes from Metagenomes},
	booktitle = {Advances in Applied Microbiology}
}

@article{Marcy_2007,
  doi = {10.1073/pnas.0704662104},
  url = {https://doi.org/10.1073/pnas.0704662104},
  year  = {2007},
  month = {jul},
  publisher = {Proceedings of the National Academy of Sciences},
  volume = {104},
  number = {29},
  pages = {11889--11894},
  author = {Y. Marcy and C. Ouverney and E. M. Bik and T. Losekann and N. Ivanova and H. G. Martin and E. Szeto and D. Platt and P. Hugenholtz and D. A. Relman and S. R. Quake},
  title = {Dissecting biological "dark matter" with single-cell genetic analysis of rare and uncultivated TM7 microbes from the human mouth},
  journal = {Proceedings of the National Academy of Sciences}
}

@Manual{R,
    title = {R: A Language and Environment for Statistical Computing},
    author = {{R Development Core Team}},
    organization = {R Foundation for Statistical Computing},
    address = {Vienna, Austria},
    year = {2008},
    note = {{ISBN} 3-900051-07-0},
    url = {http://www.R-project.org},
  }
  
 @article{Azam_2007,
  doi = {10.1038/nrmicro1747},
  url = {https://doi.org/10.1038/nrmicro1747},
  year  = {2007},
  month = {oct},
  publisher = {Springer Nature},
  volume = {5},
  number = {10},
  pages = {782--791},
  author = {Farooq Azam and Francesca Malfatti},
  title = {Microbial structuring of marine ecosystems},
  journal = {Nature Reviews Microbiology}
}

@article{McInerney_2017,
  doi = {10.1038/nmicrobiol.2017.40},
  url = {https://doi.org/10.1038/nmicrobiol.2017.40},
  year  = {2017},
  month = {mar},
  publisher = {Springer Nature},
  volume = {2},
  number = {4},
  pages = {17040},
  author = {James O. McInerney and Alan McNally and Mary J. O{\textquotesingle}Connell},
  title = {Why prokaryotes have pangenomes},
  journal = {Nature Microbiology}
}